<?xml version="1.0" encoding="UTF-8"?>
<record xmlns="http://www.loc.gov/MARC21/slim" xmlns:zs="http://docs.oasis-open.org/ns/search-ws/sruResponse">
 <leader>
  05497cpcaa22009377a 4500
 </leader>
 <controlfield tag="001">
  11810701
 </controlfield>
 <controlfield tag="005">
  20180705164141.0
 </controlfield>
 <controlfield tag="007">
  st o|ndmb||n|e
 </controlfield>
 <controlfield tag="008">
  960201i19871987xxu                 eng
 </controlfield>
 <datafield ind1=" " ind2=" " tag="906">
  <subfield code="a">
   7
  </subfield>
  <subfield code="b">
   cbc
  </subfield>
  <subfield code="c">
   orignew
  </subfield>
  <subfield code="d">
   1
  </subfield>
  <subfield code="e">
   ncip
  </subfield>
  <subfield code="f">
   19
  </subfield>
  <subfield code="g">
   y-folklife
  </subfield>
 </datafield>
 <datafield ind1=" " ind2=" " tag="955">
  <subfield code="a">
   mfor ?/?/96; shal 10/14/99; kblu 02-09-00; cker 02-16-00; mkru 2004-03-17; mkru 2004-05-26; mkru 2004-09-30; mkru 2004-11-17; mkru 2005-07-12; mkru 2011-08-08; cker 2015-12-15
  </subfield>
  <subfield code="a">
   mkru 2015-12-15
  </subfield>
  <subfield code="a">
   mseg 2017-07-09
  </subfield>
  <subfield code="a">
   mseg 2017-07-11
  </subfield>
  <subfield code="a">
   mkru 2018-03-26
  </subfield>
 </datafield>
 <datafield ind1=" " ind2=" " tag="010">
  <subfield code="a">
   2004695157
  </subfield>
 </datafield>
 <datafield ind1=" " ind2=" " tag="035">
  <subfield code="a">
   afc96000027
  </subfield>
 </datafield>
 <datafield ind1=" " ind2=" " tag="040">
  <subfield code="a">
   DLC
  </subfield>
  <subfield code="e">
   appm
  </subfield>
  <subfield code="c">
   DLC
  </subfield>
  <subfield code="d">
   DLC
  </subfield>
 </datafield>
 <datafield ind1="0" ind2=" " tag="041">
  <subfield code="a">
   eng
  </subfield>
  <subfield code="d">
   eng
  </subfield>
  <subfield code="d">
   pus
  </subfield>
  <subfield code="d">
   spa
  </subfield>
 </datafield>
 <datafield ind1=" " ind2=" " tag="043">
  <subfield code="a">
   n-us---
  </subfield>
  <subfield code="a">
   n-cn-ns
  </subfield>
  <subfield code="a">
   a-af---
  </subfield>
 </datafield>
 <datafield ind1="0" ind2="0" tag="050">
  <subfield code="a">
   AFC 1987/016
  </subfield>
 </datafield>
 <datafield ind1=" " ind2=" " tag="090">
  <subfield code="a">
   RAA 53001
  </subfield>
 </datafield>
 <datafield ind1=" " ind2=" " tag="090">
  <subfield code="a">
   AFC 1987/016
  </subfield>
 </datafield>
 <datafield ind1="0" ind2="0" tag="245">
  <subfield code="a">
   1987 Neptune Plaza Concert Series collection,
  </subfield>
  <subfield code="f">
   1987 /
  </subfield>
  <subfield code="c">
   sponsored by the American Folklife Center ; assisted by the National Council for the Traditional Arts.
  </subfield>
 </datafield>
 <datafield ind1="0" ind2=" " tag="246">
  <subfield code="a">
   American Folklife Center concert, 1987
  </subfield>
 </datafield>
 <datafield ind1=" " ind2=" " tag="260">
  <subfield code="c">
   1987.
  </subfield>
 </datafield>
 <datafield ind1=" " ind2=" " tag="300">
  <subfield code="3">
   manuscripts:
  </subfield>
  <subfield code="a">
   9
  </subfield>
  <subfield code="f">
   folders.
  </subfield>
 </datafield>
 <datafield ind1=" " ind2=" " tag="300">
  <subfield code="3">
   sound recordings:
  </subfield>
  <subfield code="a">
   10 sound tape reels :
  </subfield>
  <subfield code="b">
   analog, 7 1/2 ips, 2 track, stereo. ;
  </subfield>
  <subfield code="c">
   10 in.
  </subfield>
 </datafield>
 <datafield ind1=" " ind2=" " tag="300">
  <subfield code="3">
   graphic materials:
  </subfield>
  <subfield code="a">
   100 slides :
  </subfield>
  <subfield code="b">
   color.
  </subfield>
 </datafield>
 <datafield ind1=" " ind2=" " tag="300">
  <subfield code="3">
   graphic materials:
  </subfield>
  <subfield code="a">
   91 photographs :
  </subfield>
  <subfield code="b">
   negatives, black and white.
  </subfield>
 </datafield>
 <datafield ind1=" " ind2=" " tag="300">
  <subfield code="3">
   graphic materials:
  </subfield>
  <subfield code="a">
   4 photographic prints :
  </subfield>
  <subfield code="b">
   black and white, color ;
  </subfield>
  <subfield code="c">
   8 x 10 in. and smaller.
  </subfield>
 </datafield>
 <datafield ind1=" " ind2="0" tag="440">
  <subfield code="a">
   Neptune Plaza concert series
  </subfield>
 </datafield>
 <datafield ind1=" " ind2=" " tag="500">
  <subfield code="a">
   Photographs include negatives, black and white contact sheets, photographic prints, and color slides taken by John T. Gibbs, Reid S. Baker, Jim Higgins, and unidentified photographers.
  </subfield>
 </datafield>
 <datafield ind1=" " ind2=" " tag="520">
  <subfield code="a">
   Manuscript materials, sound recordings, photographs, and slides documenting performances of bluegrass music; music and dance from Cape Breton, Nova Scotia; Afghan and Iranian traditional music; steel band music; gospel music; and Pan-Andean music recorded live outdoors on Neptune Plaza in front of the Thomas Jefferson Building, Library of Congress, at concerts from April through September 1987, sponsored by the American Folklife Center and the National Council for the Traditional Arts.
  </subfield>
 </datafield>
 <datafield ind1="0" ind2=" " tag="505">
  <subfield code="a">
   April 23: Hobbs and Partners (Bluegrass) -- May 21: Cape Breton Fiddlers and Dancers, Canada (Cape Breton) -- June 18: Afghan and Iranian Traditional Music -- July 16: The Original Trinidad and Tobago Steel Band of Washington, D.C. -- August 20: The Southern Gospel Singers; Mattie Johnson and the Stars of Faith (Gospel music) -- September 17: Ollantay (Pan-Andean music)
  </subfield>
 </datafield>
 <datafield ind1="8" ind2=" " tag="524">
  <subfield code="a">
   1987 Neptune Plaza Concert Series collection (AFC 1987/016), Archive of Folk Culture, American Folklife Center, Library of Congress, Washington, D.C.
  </subfield>
 </datafield>
 <datafield ind1="0" ind2=" " tag="506">
  <subfield code="a">
   Collection is open for research; access restrictions may apply, some materials may be stored offsite. To request materials, please contact the Folklife Reading Room at
  </subfield>
  <subfield code="u">
   http://hdl.loc.gov/loc.afc/folklife.contact
  </subfield>
 </datafield>
 <datafield ind1=" " ind2=" " tag="540">
  <subfield code="a">
   Duplication of the recorded materials may be governed by copyright and other restrictions.
  </subfield>
 </datafield>
 <datafield ind1=" " ind2=" " tag="546">
  <subfield code="3">
   Manuscripts
  </subfield>
  <subfield code="a">
   in English.
  </subfield>
 </datafield>
 <datafield ind1=" " ind2=" " tag="546">
  <subfield code="3">
   Sound recordings
  </subfield>
  <subfield code="a">
   in English, Pushto, Spanish.
  </subfield>
 </datafield>
 <datafield ind1="0" ind2=" " tag="555">
  <subfield code="a">
   Finding aid is available in the Folklife Reading Room and online
  </subfield>
  <subfield code="u">
   http://hdl.loc.gov/loc.afc/eadafc.af011014
  </subfield>
 </datafield>
 <datafield ind1=" " ind2="0" tag="650">
  <subfield code="a">
   Folk music
  </subfield>
  <subfield code="z">
   United States.
  </subfield>
 </datafield>
 <datafield ind1=" " ind2="0" tag="650">
  <subfield code="a">
   Music
  </subfield>
  <subfield code="z">
   Afghanistan.
  </subfield>
 </datafield>
 <datafield ind1=" " ind2="0" tag="650">
  <subfield code="a">
   Bluegrass music
  </subfield>
  <subfield code="y">
   1981-1990.
  </subfield>
 </datafield>
 <datafield ind1=" " ind2="0" tag="650">
  <subfield code="a">
   Bluegrass music
  </subfield>
  <subfield code="z">
   Virginia.
  </subfield>
 </datafield>
 <datafield ind1=" " ind2="0" tag="650">
  <subfield code="a">
   Gospel music
  </subfield>
  <subfield code="z">
   Washington (D.C.)
  </subfield>
 </datafield>
 <datafield ind1=" " ind2="0" tag="650">
  <subfield code="a">
   Folk music
  </subfield>
  <subfield code="z">
   Nova Scotia
  </subfield>
  <subfield code="z">
   Cape Breton Island.
  </subfield>
 </datafield>
 <datafield ind1=" " ind2="0" tag="650">
  <subfield code="a">
   Folk dancing
  </subfield>
  <subfield code="z">
   Nova Scotia
  </subfield>
  <subfield code="z">
   Cape Breton Island.
  </subfield>
 </datafield>
 <datafield ind1=" " ind2="0" tag="650">
  <subfield code="a">
   Tar (Lute) music
  </subfield>
  <subfield code="z">
   Iran.
  </subfield>
 </datafield>
 <datafield ind1=" " ind2="0" tag="650">
  <subfield code="a">
   Music
  </subfield>
  <subfield code="z">
   Andes Region.
  </subfield>
 </datafield>
 <datafield ind1=" " ind2="0" tag="650">
  <subfield code="a">
   Music
  </subfield>
  <subfield code="z">
   Iran.
  </subfield>
 </datafield>
 <datafield ind1=" " ind2="0" tag="650">
  <subfield code="a">
   Popular music
  </subfield>
  <subfield code="z">
   Andes Region.
  </subfield>
 </datafield>
 <datafield ind1=" " ind2="0" tag="650">
  <subfield code="a">
   Popular music
  </subfield>
  <subfield code="z">
   South America.
  </subfield>
 </datafield>
 <datafield ind1=" " ind2="0" tag="650">
  <subfield code="a">
   Rabab music
  </subfield>
  <subfield code="z">
   Afghanistan.
  </subfield>
 </datafield>
 <datafield ind1=" " ind2="0" tag="650">
  <subfield code="a">
   Tabla music
  </subfield>
  <subfield code="z">
   Afghanistan.
  </subfield>
 </datafield>
 <datafield ind1=" " ind2="0" tag="650">
  <subfield code="a">
   Steel band music
  </subfield>
  <subfield code="z">
   Trinidad and Tobago.
  </subfield>
 </datafield>
 <datafield ind1=" " ind2="0" tag="650">
  <subfield code="a">
   Steel band music
  </subfield>
  <subfield code="z">
   Washington (D.C.)
  </subfield>
 </datafield>
 <datafield ind1=" " ind2="0" tag="650">
  <subfield code="a">
   Afghans
  </subfield>
  <subfield code="z">
   United States
  </subfield>
  <subfield code="v">
   Music.
  </subfield>
 </datafield>
 <datafield ind1=" " ind2="0" tag="650">
  <subfield code="a">
   African Americans
  </subfield>
  <subfield code="v">
   Music.
  </subfield>
 </datafield>
 <datafield ind1=" " ind2="0" tag="650">
  <subfield code="a">
   Canadians
  </subfield>
  <subfield code="z">
   Nova Scotia
  </subfield>
  <subfield code="v">
   Music.
  </subfield>
 </datafield>
 <datafield ind1=" " ind2="0" tag="650">
  <subfield code="a">
   Caribbean Americans
  </subfield>
  <subfield code="v">
   Music.
  </subfield>
 </datafield>
 <datafield ind1=" " ind2="7" tag="655">
  <subfield code="a">
   Sound recordings.
  </subfield>
  <subfield code="2">
   aat
  </subfield>
 </datafield>
 <datafield ind1=" " ind2="7" tag="655">
  <subfield code="a">
   Manuscripts.
  </subfield>
  <subfield code="2">
   aat
  </subfield>
 </datafield>
 <datafield ind1=" " ind2="7" tag="655">
  <subfield code="a">
   Photographic prints.
  </subfield>
  <subfield code="2">
   aat
  </subfield>
 </datafield>
 <datafield ind1=" " ind2="7" tag="655">
  <subfield code="a">
   Slides.
  </subfield>
  <subfield code="2">
   aat
  </subfield>
 </datafield>
 <datafield ind1="1" ind2=" " tag="700">
  <subfield code="a">
   Chiasson-Cormier, Hilda,
  </subfield>
  <subfield code="e">
   performer.
  </subfield>
 </datafield>
 <datafield ind1="1" ind2=" " tag="700">
  <subfield code="a">
   Holland, Jerry,
  </subfield>
  <subfield code="d">
   1955-2009,
  </subfield>
  <subfield code="e">
   performer.
  </subfield>
 </datafield>
 <datafield ind1="1" ind2=" " tag="700">
  <subfield code="a">
   Johnson, Mattie,
  </subfield>
  <subfield code="e">
   performer.
  </subfield>
 </datafield>
 <datafield ind1="1" ind2=" " tag="700">
  <subfield code="a">
   MacIsaac, Dave,
  </subfield>
  <subfield code="e">
   performer.
  </subfield>
 </datafield>
 <datafield ind1="1" ind2=" " tag="700">
  <subfield code="a">
   Shabtaie, Rahmatollah,
  </subfield>
  <subfield code="e">
   performer.
  </subfield>
 </datafield>
 <datafield ind1="1" ind2=" " tag="700">
  <subfield code="a">
   Arif, Mohammed
  </subfield>
  <subfield code="c">
   (Musician),
  </subfield>
  <subfield code="e">
   performer.
  </subfield>
 </datafield>
 <datafield ind1="2" ind2=" " tag="710">
  <subfield code="a">
   Hobbs and Partners (Musical group),
  </subfield>
  <subfield code="e">
   performer.
  </subfield>
 </datafield>
 <datafield ind1="2" ind2=" " tag="710">
  <subfield code="a">
   Original Trinidad and Tobago Steelband of Washington, D.C.,
  </subfield>
  <subfield code="e">
   performer.
  </subfield>
 </datafield>
 <datafield ind1="2" ind2=" " tag="710">
  <subfield code="a">
   Stars of Faith (Musical group),
  </subfield>
  <subfield code="e">
   performer.
  </subfield>
 </datafield>
 <datafield ind1="2" ind2=" " tag="710">
  <subfield code="a">
   Southern Gospel Singers,
  </subfield>
  <subfield code="e">
   performer.
  </subfield>
 </datafield>
 <datafield ind1="2" ind2=" " tag="710">
  <subfield code="a">
   Ollantay (Musical group),
  </subfield>
  <subfield code="e">
   performer.
  </subfield>
 </datafield>
 <datafield ind1="2" ind2=" " tag="710">
  <subfield code="a">
   American Folklife Center,
  </subfield>
  <subfield code="e">
   sponsor.
  </subfield>
 </datafield>
 <datafield ind1="2" ind2=" " tag="710">
  <subfield code="a">
   Archive of Folk Culture (Library of Congress),
  </subfield>
  <subfield code="e">
   collector.
  </subfield>
 </datafield>
 <datafield ind1="2" ind2=" " tag="710">
  <subfield code="a">
   National Council for the Traditional Arts,
  </subfield>
  <subfield code="e">
   sponsor.
  </subfield>
 </datafield>
 <datafield ind1=" " ind2=" " tag="852">
  <subfield code="a">
   Library of Congress
  </subfield>
  <subfield code="b">
   Archive of Folk Culture, American Folklife Center,
  </subfield>
  <subfield code="e">
   101 Independence Ave. S.E., Washington, DC USA 20540-4610
  </subfield>
  <subfield code="u">
   http://hdl.loc.gov/loc.afc/folklife.home
  </subfield>
 </datafield>
 <datafield ind1="4" ind2="2" tag="856">
  <subfield code="3">
   Finding aid
  </subfield>
  <subfield code="u">
   http://hdl.loc.gov/loc.afc/eadafc.af011014
  </subfield>
 </datafield>
 <datafield ind1=" " ind2=" " tag="985">
  <subfield code="a">
   AFC/1987 Neptune Plaza
  </subfield>
  <subfield code="e">
   DHC
  </subfield>
 </datafield>
 <datafield ind1=" " ind2=" " tag="985">
  <subfield code="a">
   afc/ead
  </subfield>
 </datafield>
 <datafield ind1=" " ind2=" " tag="985">
  <subfield code="a">
   afc/coll
  </subfield>
 </datafield>
 <datafield ind1=" " ind2=" " tag="985">
  <subfield code="a">
   afc/event
  </subfield>
 </datafield>
</record>
